<record><leader>00000cas a22000007a 4500</leader><controlfield tag="001">11437237</controlfield><controlfield tag="008">841130d189u1945inuwr ne      0    0eng d</controlfield><datafield ind1=" " ind2=" " tag="010"><subfield code="a">sn 84045489 </subfield></datafield><datafield ind1=" " ind2=" " tag="040"><subfield code="a">NPI</subfield><subfield code="b">eng</subfield><subfield code="c">NPI</subfield><subfield code="d">OCLCQ</subfield></datafield><datafield ind1=" " ind2=" " tag="042"><subfield code="a">msc</subfield></datafield><datafield ind1="0" ind2="4" tag="245"><subfield code="a">The Cannelton telephone.</subfield></datafield><datafield ind1=" " ind2=" " tag="260"><subfield code="a">Cannelton, Ind. :</subfield><subfield code="b">Schuetz &amp; Sanderson,</subfield><subfield code="c">-1945.</subfield></datafield><datafield ind1=" " ind2=" " tag="300"><subfield code="a">v. :</subfield><subfield code="b">ill. ;</subfield><subfield code="c">55 cm.</subfield></datafield><datafield ind1=" " ind2=" " tag="310"><subfield code="a">Weekly</subfield></datafield><datafield ind1="0" ind2=" " tag="362"><subfield code="a">-June 1, 1945.</subfield></datafield><datafield ind1=" " ind2=" " tag="588"><subfield code="a">Description based on: Vol. 1, no. 35 (June 23, 1892).</subfield></datafield><datafield ind1=" " ind2=" " tag="752"><subfield code="a">United States</subfield><subfield code="b">Indiana</subfield><subfield code="c">Perry</subfield><subfield code="d">Cannelton.</subfield></datafield><datafield ind1="0" ind2="0" tag="785"><subfield code="t">Cannelton news</subfield><subfield code="w">(DLC)sn 84045468</subfield><subfield code="w">(OCoLC)11377710</subfield></datafield></record>